@book{FPGA-WolfWayne,
author = {Wolf, Wayne},
title = {FPGA-Based System Design},
year = {2004},
isbn = {0131424610},
publisher = {Prentice Hall PTR},
address = {USA}
}